<?xml version="1.0" encoding="UTF-8"?><collection xmlns="http://www.loc.gov/MARC21/slim"><record><leader>00490nam--2200133-i-4500</leader><controlfield tag="001">000015761</controlfield><controlfield tag="002">20161230</controlfield><controlfield tag="005">20161230201031</controlfield><controlfield tag="008">060222s1000------------r-----000-0-eng-d</controlfield><datafield ind1=" " ind2=" " tag="080"><subfield code="a">530.12:52(061.3)</subfield></datafield><datafield ind1=" " ind2=" " tag="245"><subfield code="a">10-th international conference on general rela tivity and gravitation padova 4-9 july, 1983. contributed papers. vol.2: relativistic astrop hysics experimental</subfield></datafield><datafield ind1=" " ind2=" " tag="260"><subfield code="a">Roma, Consiglio Nazionale Delle Ricerche, 1983 /665-1233 P.</subfield></datafield><datafield ind1=" " ind2=" " tag="700"><subfield code="a">Bertotti, B./S.A.</subfield></datafield><datafield ind1=" " ind2=" " tag="852"><subfield code="a">73557</subfield></datafield></record></collection>